@Article{bush1945,
  title={As we may think},
  author={Bush, Vannevar and others},
  journal={The atlantic monthly},
  volume={176},
  number={1},
  pages={101--108},
  year={1945}
}

@misc{TEDPOLICY,
  doi = {10.48550/ARXIV.1910.00486},
  url = {https://arxiv.org/abs/1910.00486},
  author = {Vlasov, Vladimir and Mosig, Johannes E. M. and Nichol, Alan},
  keywords = {Computation and Language (cs.CL), FOS: Computer and information sciences, FOS: Computer and information sciences},
  title = {Dialogue Transformers},
  publisher = {arXiv},
  year = {2019},
  copyright = {arXiv.org perpetual, non-exclusive license}
}

@misc{bert,
  doi = {10.48550/ARXIV.1810.04805},
  url = {https://arxiv.org/abs/1810.04805},
  author = {Devlin, Jacob and Chang, Ming-Wei and Lee, Kenton and Toutanova, Kristina},
  keywords = {Computation and Language (cs.CL), FOS: Computer and information sciences, FOS: Computer and information sciences},
  title = {BERT: Pre-training of Deep Bidirectional Transformers for Language Understanding},
  publisher = {arXiv},
  year = {2018},
  copyright = {arXiv.org perpetual, non-exclusive license}
}


@inproceedings{greek-bert,
	doi = {10.1145/3411408.3411440},
	url = {https://doi.org/10.1145%2F3411408.3411440},
	year = 2020,
	month = {sep},
	publisher = {{ACM}
},
	author = {John Koutsikakis and Ilias Chalkidis and Prodromos Malakasiotis and Ion Androutsopoulos},
	title = {{GREEK}-{BERT}: The Greeks visiting Sesame Street},
	booktitle = {11th Hellenic Conference on Artificial Intelligence}
}

@misc{keras,
  title={Keras},
  author={Chollet, Francois and others},
  year={2015},
  publisher={GitHub},
  url={https://github.com/fchollet/keras},
}

@inproceedings{torch,
  title = {Torch7: A Matlab-like Environment for Machine Learning},
  author = {R. Collobert and K. Kavukcuoglu and C. Farabet},
  booktitle = {BigLearn, NIPS Workshop},
  year = {2011}
}

@misc{transformers,
  doi = {10.48550/ARXIV.1910.03771},
  url = {https://arxiv.org/abs/1910.03771},
  author = {Wolf, Thomas and Debut, Lysandre and Sanh, Victor and Chaumond, Julien and Delangue, Clement and Moi, Anthony and Cistac, Pierric and Rault, Tim and Louf, Rémi and Funtowicz, Morgan and Davison, Joe and Shleifer, Sam and von Platen, Patrick and Ma, Clara and Jernite, Yacine and Plu, Julien and Xu, Canwen and Scao, Teven Le and Gugger, Sylvain and Drame, Mariama and Lhoest, Quentin and Rush, Alexander M.},
  keywords = {Computation and Language (cs.CL), FOS: Computer and information sciences, FOS: Computer and information sciences},
  title = {HuggingFace's Transformers: State-of-the-art Natural Language Processing},
  publisher = {arXiv},
  year = {2019},
  copyright = {arXiv.org perpetual, non-exclusive license}
}

@article{xquad,
      author    = {Mikel Artetxe and Sebastian Ruder and Dani Yogatama},
      title     = {On the cross-lingual transferability of monolingual representations},
      journal   = {CoRR},
      volume    = {abs/1910.11856},
      year      = {2019},
      archivePrefix = {arXiv},
      eprint    = {1910.11856}
}

@misc{attention,
  doi = {10.48550/ARXIV.1706.03762},
  url = {https://arxiv.org/abs/1706.03762},
  author = {Vaswani, Ashish and Shazeer, Noam and Parmar, Niki and Uszkoreit, Jakob and Jones, Llion and Gomez, Aidan N. and Kaiser, Lukasz and Polosukhin, Illia},
  keywords = {Computation and Language (cs.CL), Machine Learning (cs.LG), FOS: Computer and information sciences, FOS: Computer and information sciences},
  title = {Attention Is All You Need},
  publisher = {arXiv},
  year = {2017},
  copyright = {arXiv.org perpetual, non-exclusive license}
}

@MastersThesis{Nastos2022,
  author = {Nastos, Dimitris},
  school = {Aristotle Univertsity of Thessaloniki},
  title  = {{Ανάπτυξη} {Ελληνικού} {Συστήματος} {Ερωτοαπαντήσεων} {Ανοικτού} {Τύπου}},
  year   = {2020},
}